<collection xmlns="http://www.loc.gov/MARC21/slim">
<record>
  <leader>01734nam0a2200313 i 450 </leader>
  <controlfield tag="001">IT\ICCU\CNCE\002475</controlfield>
  <controlfield tag="005">20010731000000.0</controlfield>
  <datafield tag="012" ind1=" " ind2=" ">
    <subfield code="a">muli urri alto moMo (3) 1551 (R)</subfield>
    <subfield code="2">fei</subfield>
  </datafield>
  <datafield tag="100" ind1=" " ind2=" ">
    <subfield code="a">19970101d1551        0itac0103    ba</subfield>
  </datafield>
  <datafield tag="101" ind1=" " ind2=" ">
    <subfield code="a">ITA</subfield>
  </datafield>
  <datafield tag="102" ind1=" " ind2=" ">
    <subfield code="a">IT</subfield>
  </datafield>
  <datafield tag="200" ind1="1" ind2=" ">
    <subfield code="a">Al beatissimo Giulio 3., papa com&apos;il 2. ammirando il Genesi l&apos;Humanita di Christo, &amp; i Salmi. Opere di m. Pietro Aretino del sacrosanto monte humil germe, &amp; per diuina gratia huomo libero</subfield>
  </datafield>
  <datafield tag="210" ind1=" " ind2=" ">
    <subfield code="a">In Vinegia</subfield>
    <subfield code="c">in casa de&apos; figliuoli d&apos;Aldo</subfield>
    <subfield code="e">In Vinegia</subfield>
    <subfield code="g">in casa de&apos; figliuoli d&apos;Aldo</subfield>
    <subfield code="h">nell&apos;anno 1551</subfield>
  </datafield>
  <datafield tag="215" ind1=" " ind2=" ">
    <subfield code="a">\4!, 80, 82, 33 \i.e.31!, \1! c.</subfield>
    <subfield code="d">4ʻ</subfield>
  </datafield>
  <datafield tag="620" ind1=" " ind2=" ">
    <subfield code="a">IT</subfield>
    <subfield code="d">Venezia</subfield>
  </datafield>
  <datafield tag="700" ind1=" " ind2="1">
    <subfield code="a">Aretino,</subfield>
    <subfield code="b">Pietro</subfield>
    <subfield code="3">IT\ICCU\CNCA\000846</subfield>
  </datafield>
  <datafield tag="712" ind1="0" ind2="0">
    <subfield code="a">Manuzio, Aldo</subfield>
    <subfield code="c"> &lt;1.&gt; - eredi</subfield>
    <subfield code="3">IT\ICCU\CNCT\000896</subfield>
    <subfield code="4">650</subfield>
  </datafield>
  <datafield tag="790" ind1=" " ind2="0">
    <subfield code="a">Partenio Etiro</subfield>
    <subfield code="3">IT\ICCU\CNCA\022629</subfield>
    <subfield code="z">Aretino, Pietro</subfield>
  </datafield>
  <datafield tag="791" ind1="0" ind2="2">
    <subfield code="a">Aldi filii</subfield>
    <subfield code="3">IT\ICCU\CNCT\003958</subfield>
    <subfield code="z">Manuzio, Aldo &lt;1.&gt; - eredi</subfield>
  </datafield>
  <datafield tag="801" ind1=" " ind2="3">
    <subfield code="a">IT</subfield>
    <subfield code="b">ICCU</subfield>
    <subfield code="c">20201113</subfield>
  </datafield>
  <datafield tag="899" ind1=" " ind2=" ">
    <subfield code="a">Biblioteca estera - sterreichische Nationalbibliothek. Wien</subfield>
    <subfield code="1">AA0010</subfield>
  </datafield>
  <datafield tag="899" ind1=" " ind2=" ">
    <subfield code="a">Biblioteca dannunziana. Gardone Riviera</subfield>
    <subfield code="1">BS0310</subfield>
    <subfield code="2">LO1 25</subfield>
  </datafield>
  <datafield tag="899" ind1=" " ind2=" ">
    <subfield code="a">Biblioteca Apostolica Vaticana. Citt ̉del Vaticano</subfield>
    <subfield code="1">EX0001</subfield>
    <subfield code="2">ZCV 01</subfield>
  </datafield>
  <datafield tag="899" ind1=" " ind2=" ">
    <subfield code="a">Biblioteca nazionale centrale. Firenze</subfield>
    <subfield code="1">FI0098</subfield>
    <subfield code="2">CFI CF</subfield>
  </datafield>
  <datafield tag="899" ind1=" " ind2=" ">
    <subfield code="a">Biblioteca Casanatense. Roma</subfield>
    <subfield code="z">MUTILO</subfield>
    <subfield code="1">RM0313</subfield>
    <subfield code="2">RML 07</subfield>
  </datafield>
  <datafield tag="899" ind1=" " ind2=" ">
    <subfield code="a">Biblioteca nazionale Marciana. Venezia</subfield>
    <subfield code="1">VE0049</subfield>
    <subfield code="2">VEA BM</subfield>
  </datafield>
  <datafield tag="899" ind1=" " ind2=" ">
    <subfield code="a">Biblioteche della Fondazione Giorgio Cini onlus. Venezia</subfield>
    <subfield code="1">VE0239</subfield>
    <subfield code="2">VEA FC</subfield>
  </datafield>
  <datafield tag="911" ind1=" " ind2=" ">
    <subfield code="a">Sul front. e nel coloph.</subfield>
    <subfield code="9">IT\ICCU\CNCM\000230</subfield>
  </datafield>
  <datafield tag="921" ind1=" " ind2=" ">
    <subfield code="a">IT\ICCU\CNCM\000230</subfield>
    <subfield code="b">Ancora con delfino e la scritta: Aldi filii oppure: Aldus. In cornice figurata</subfield>
    <subfield code="c">A74</subfield>
    <subfield code="c">V399</subfield>
    <subfield code="c">Z42</subfield>
    <subfield code="d">Dimensioni: 5,5 x 6</subfield>
    <subfield code="f">ALDI</subfield>
    <subfield code="f">ANCORA</subfield>
    <subfield code="f">DELFINO</subfield>
    <subfield code="f">FILII</subfield>
    <subfield code="g">1544-1559</subfield>
  </datafield>
</record>
</collection>
